@article{zhou_neamtiu_gupta_2015, title={A cross-platform analysis of bugs and bug-fixing in open source projects}, DOI={10.1145/2745802.2745808}, journal={Proceedings of the 19th International Conference on Evaluation and Assessment in Software Engineering - EASE 15}, author={Zhou, Bo and Neamtiu, Iulian and Gupta, Rajiv}, year={2015}}

@article{word2vec,
	author = {Mikolov, Tomas and Sutskever, Ilya and Chen, Kai and Corrado, G.s and Dean, Jeffrey},
	year = {2013},
	month = {10},
	pages = {},
	title = {Distributed Representations of Words and Phrases and their Compositionality},
	volume = {26},
	journal = {Advances in Neural Information Processing Systems}
}

@inproceedings{pennington-etal-2014-glove,
	title = "{G}love: Global Vectors for Word Representation",
	author = "Pennington, Jeffrey  and
	Socher, Richard  and
	Manning, Christopher",
	booktitle = "Proceedings of the 2014 Conference on Empirical Methods in Natural Language Processing ({EMNLP})",
	month = oct,
	year = "2014",
	address = "Doha, Qatar",
	publisher = "Association for Computational Linguistics",
	url = "https://www.aclweb.org/anthology/D14-1162",
	doi = "10.3115/v1/D14-1162",
	pages = "1532--1543",
}

@software{javaparser,
	author       = {Danny van Bruggen and
	Federico Tomassetti and
	Malte Langkabel and
	Nicholas Smith and
	Artur Bosch and
	Malte Skoruppa and
	Cruz Maximilien and
	ThLeu and
	Panayiotis and
	Sebastian Kirsch (@skirsch79) and
	Johann Beleites and
	Wim Tibackx and
	André Rouél and
	Daan Schipper and
	Why you want to know and
	Ryan Beckett and
	ptitjes and
	kotari4u and
	Ricardo Morais and
	Dominik Hardtke and
	bresai and
	Ty and
	Romain Lebouc and
	kgeilmann and
	dpnolte and
	Ayman Abdel Ghany and
	Enno Boland and
	Donny Nadolny and
	Björn Kautler and
	Artem Konovalov},
	title        = {javaparser/javaparser: v3.13.10},
	month        = may,
	year         = 2019,
	publisher    = {Zenodo},
	version      = {v3.13.10},
	doi          = {10.5281/zenodo.2667379},
	url          = {https://doi.org/10.5281/zenodo.2667379}
}

@article{rvsm,
	author = {Zhou, Jian and Zhang, Hongyu and Lo, David},
	year = {2012},
	month = {06},
	pages = {14-24},
	title = {Where should the bugs be fixed? More accurate information retrieval-based bug localization based on bug reports},
	journal = {Proceedings - International Conference on Software Engineering},
	doi = {10.1109/ICSE.2012.6227210}
}

@article{original,
	author = {Gharibi, Reza and Rasekh, Amir and Sadreddini, M. and Fakhrahmad, Seyed},
	year = {2018},
	month = {11},
	pages = {1058-1076},
	title = {Leveraging textual properties of bug reports to localize relevant source files},
	volume = {54},
	journal = {Information Processing and Management},
	doi = {10.1016/j.ipm.2018.07.004}
}

@inproceedings{DBLP:conf/sigsoft/YeBL14,
  author    = {Xin Ye and
               Razvan C. Bunescu and
               Chang Liu},
  editor    = {Shing{-}Chi Cheung and
               Alessandro Orso and
               Margaret{-}Anne D. Storey},
  title     = {Learning to rank relevant files for bug reports using domain knowledge},
  booktitle = {Proceedings of the 22nd {ACM} {SIGSOFT} International Symposium on
               Foundations of Software Engineering, (FSE-22), Hong Kong, China, November
               16 - 22, 2014},
  pages     = {689--699},
  publisher = {{ACM}},
  year      = {2014},
  url       = {https://doi.org/10.1145/2635868.2635874},
  doi       = {10.1145/2635868.2635874},
  timestamp = {Thu, 17 Oct 2019 18:48:15 +0200},
  biburl    = {https://dblp.org/rec/conf/sigsoft/YeBL14.bib},
  bibsource = {dblp computer science bibliography, https://dblp.org}
}


@inproceedings{DBLP:conf/iwpc/LamNNN17,
  author    = {An Ngoc fLam and
               Anh Tuan Nguyen and
               Hoan Anh Nguyen and
               Tien N. Nguyen},
  editor    = {Giuseppe Scanniello and
               David Lo and
               Alexander Serebrenik},
  title     = {Bug localization with combination of deep learning and information
               retrieval},
  booktitle = {Proceedings of the 25th International Conference on Program Comprehension,
               {ICPC} 2017, Buenos Aires, Argentina, May 22-23, 2017},
  pages     = {218--229},
  publisher = {{IEEE} Computer Society},
  year      = {2017},
  url       = {https://doi.org/10.1109/ICPC.2017.24},
  doi       = {10.1109/ICPC.2017.24},
  timestamp = {Wed, 16 Oct 2019 14:14:54 +0200},
  biburl    = {https://dblp.org/rec/conf/iwpc/LamNNN17.bib},
  bibsource = {dblp computer science bibliography, https://dblp.org}
}

@inproceedings{DBLP:conf/kbse/NguyenNANN11,
  author    = {Anh Tuan Nguyen and
               Tung Thanh Nguyen and
               Jafar M. Al{-}Kofahi and
               Hung Viet Nguyen and
               Tien N. Nguyen},
  editor    = {Perry Alexander and
               Corina S. Pasareanu and
               John G. Hosking},
  title     = {A topic-based approach for narrowing the search space of buggy files
               from a bug report},
  booktitle = {26th {IEEE/ACM} International Conference on Automated Software Engineering
               {(ASE} 2011), Lawrence, KS, USA, November 6-10, 2011},
  pages     = {263--272},
  publisher = {{IEEE} Computer Society},
  year      = {2011},
  url       = {https://doi.org/10.1109/ASE.2011.6100062},
  doi       = {10.1109/ASE.2011.6100062},
  timestamp = {Wed, 16 Oct 2019 14:14:55 +0200},
  biburl    = {https://dblp.org/rec/conf/kbse/NguyenNANN11.bib},
  bibsource = {dblp computer science bibliography, https://dblp.org}
}


@article{DBLP:journals/tse/KimTKZ13,
  author    = {Dongsun Kim and
               Yida Tao and
               Sunghun Kim and
               Andreas Zeller},
  title     = {Where Should We Fix This Bug? {A} Two-Phase Recommendation Model},
  journal   = {{IEEE} Trans. Software Eng.},
  volume    = {39},
  number    = {11},
  pages     = {1597--1610},
  year      = {2013},
  url       = {https://doi.org/10.1109/TSE.2013.24},
  doi       = {10.1109/TSE.2013.24},
  timestamp = {Thu, 04 Oct 2018 19:11:24 +0200},
  biburl    = {https://dblp.org/rec/journals/tse/KimTKZ13.bib},
  bibsource = {dblp computer science bibliography, https://dblp.org}
}

@inproceedings{DBLP:conf/apsec/ZhangYWXL17,
  author    = {Xiaofei Zhang and
               Yuan Yao and
               Yaojing Wang and
               Feng Xu and
               Jian Lu},
  editor    = {Jian Lv and
               He Jason Zhang and
               Mike Hinchey and
               Xiao Liu},
  title     = {Exploring Metadata in Bug Reports for Bug Localization},
  booktitle = {24th Asia-Pacific Software Engineering Conference, {APSEC} 2017, Nanjing,
               China, December 4-8, 2017},
  pages     = {328--337},
  publisher = {{IEEE} Computer Society},
  year      = {2017},
  url       = {https://doi.org/10.1109/APSEC.2017.39},
  doi       = {10.1109/APSEC.2017.39},
  timestamp = {Wed, 16 Oct 2019 14:14:50 +0200},
  biburl    = {https://dblp.org/rec/conf/apsec/ZhangYWXL17.bib},
  bibsource = {dblp computer science bibliography, https://dblp.org}
}

@article{ae7b863cdd284f08a6fb920e9e036cc6,
title = "Enhancing supervised bug localization with metadata and stack-trace",
keywords = "Bug localization, Bug reports, Metadata, Stack-trace, Supervised topic modeling",
author = "Yaojing Wang and Yuan Yao and Hanghang Tong and Xuan Huo and Ming Li and Feng Xu and Jian Lu",
year = "2020",
month = jan,
day = "1",
doi = "10.1007/s10115-019-01426-2",
language = "English (US)",
journal = "Knowledge and Information Systems",
issn = "0219-1377",
publisher = "Springer London",
}

@inproceedings{DBLP:conf/kbse/WenWC16,
  author    = {Ming Wen and
               Rongxin Wu and
               Shing{-}Chi Cheung},
  editor    = {David Lo and
               Sven Apel and
               Sarfraz Khurshid},
  title     = {Locus: locating bugs from software changes},
  booktitle = {Proceedings of the 31st {IEEE/ACM} International Conference on Automated
               Software Engineering, {ASE} 2016, Singapore, September 3-7, 2016},
  pages     = {262--273},
  publisher = {{ACM}},
  year      = {2016},
  url       = {https://doi.org/10.1145/2970276.2970359},
  doi       = {10.1145/2970276.2970359},
  timestamp = {Wed, 16 Oct 2019 14:14:55 +0200},
  biburl    = {https://dblp.org/rec/conf/kbse/WenWC16.bib},
  bibsource = {dblp computer science bibliography, https://dblp.org}
}

@inproceedings{DBLP:conf/icsm/MillsPPBH18,
  author    = {Chris Mills and
               Jevgenija Pantiuchina and
               Esteban Parra and
               Gabriele Bavota and
               Sonia Haiduc},
  title     = {Are Bug Reports Enough for Text Retrieval-Based Bug Localization?},
  booktitle = {2018 {IEEE} International Conference on Software Maintenance and Evolution,
               {ICSME} 2018, Madrid, Spain, September 23-29, 2018},
  pages     = {381--392},
  publisher = {{IEEE} Computer Society},
  year      = {2018},
  url       = {https://doi.org/10.1109/ICSME.2018.00046},
  doi       = {10.1109/ICSME.2018.00046},
  timestamp = {Wed, 16 Oct 2019 14:14:50 +0200},
  biburl    = {https://dblp.org/rec/conf/icsm/MillsPPBH18.bib},
  bibsource = {dblp computer science bibliography, https://dblp.org}
}

@INPROCEEDINGS{7488066, author={S. {Rahman} and K. K. {Ganguly} and K. {Sakib}}, booktitle={2015 18th International Conference on Computer and Information Technology (ICCIT)}, title={An improved bug localization using structured information retrieval and version history}, year={2015}, volume={}, number={}, pages={190-195},}
